@book{feynmans-lost-lecture,
	title = {Feynman's Lost Lecture: The Motion of Planets Around the Sun},
	author = {Goodstein, D.L. and Goodstein, J.R.},
	isbn = {9780393039184},
	lccn = {95038719},
	url = {https://books.google.com/books?id=o2VLdx2td0cC},
	year = {1996},
	publisher = {Norton},
}


@book{marcus,
	title = {Number Fields},
	author = {Marcus, D.A.},
	isbn = {9783319902333},
	series = {Universitext},
	url = {https://link.springer.com/book/10.1007/978-3-319-90233-3},
	year = {2018},
	publisher = {Springer International Publishing},
}



@book{dummit-foote,
	title = {Abstract Algebra},
	author = {Dummit, D.S. and Foote, R.M.},
	isbn = {9780471452348},
	lccn = {2003057652},
	url = {https://books.google.com/books?id=QkAxJgAACAAJ},
	year = {2004},
	publisher = {Wiley},
}

@misc{oeis,
	author = {{OEIS Foundation Inc.}},
	url = {http://oeis.org},
	title = {The {O}n-{L}ine {E}ncyclopedia of {I}nteger {S}equences},
	Year = 2023,
}
